2866 4838
473 307 609 374 collyra
625 335 659 347 -
677 306 833 360 comicus.
1169 304 1211 372 25

98 478 218 565 collyra
240 477 378 566 κολλύρα
399 477 445 543 Pl.
470 477 522 543 Pe.
547 478 588 544 93
609 479 647 544 R.
672 479 714 557 (l,
736 477 856 628 &12ss

94 564 259 650 collyricus
282 562 468 652 κολλορικός
485 563 531 628 Pl.
555 563 607 630 Pe.
631 563 682 630 95.
701 601 742 612 —
764 565 804 629 97
857 614 864 629 .
884 564 926 645 (1,
948 563 978 641 3,
1003 562 1043 628 15
1056 563 1151 640 ᾔ1Ἰ.)

93 650 258 735 collyrium
275 649 443 736 κολλύριον
460 649 537 715 Hor.

93 735 221 801 colobos
244 734 381 819 κολοβός
403 735 598 813 (catalecton)
622 735 763 800 Gramm.

95 821 262 898 colocasia,
285 821 476 886 colocaaium
493 822 679 902 κολοκασία,
702 818 895 887 κολοκάσιον
913 817 1127 904 (Nymphaea,
1148 817 1212 884 Ne·
1262 846 1266 861 ι
1369 809 1372 816 ’

247 906 354 973 lumbo
369 906 405 996 L.
423 942 463 950 —
479 905 680 972 Nelumbium
696 906 871 991 speciosum
886 903 1006 984 Willd.)
1023 904 1088 970 Sor.
1104 927 1129 970 r.
1142 927 1212 968 r.-

93 991 669 1177 o010oyntlgrfitllbvilgibuoums
678 1075 879 1162 colocynthis
887 1074 952 1154 L.):
968 1031 1159 1160 coloquintis
1169 1077 1211 1154 51)

94 1246 186 1311 colon
209 1162 428 1326 bubillll‘arilor
446 1247 552 1326 Quint.

93 1331 252 1399 colosseus
274 1337 467 1413 κολοοσαῖος
488 1333 572 1399 Suet.
595 1332 688 1418 Vesp.
712 1333 754 1398 23
776 1332 895 1412 (Roth).

93 1417 235 1484 colossus
253 1418 411 1498 κολοσσός
428 1418 498 1485 Seu.

93 1502 250 1580 columba,
273 1504 437 1570 columbus
459 1503 670 1590 uotvppogffl)
691 1503 738 1569 Pl.
757 1503 810 1570 As.
833 1502 896 1568 693
918 1503 953 1567 F.
974 1502 1214 1586 (3,3‚103.)-

95 1588 542 1760 colurnuscgilolioblilnus)
557 1674 741 1762 *κορύλινος
758 1675 824 1752 (cfr.
844 1676 981 1762 corylus)
995 1673 1038 1758 ⁶⁸)
1057 1674 1150 1756 Verg.
1165 1694 1213 1757 ge.

93 1843 220 1909 colurus
242 1757 406 1933 galila,
430 1845 571 1912 Gramm.

93 1928 254 2014 colymbos
276 1930 441 2018 κολομβάς
463 1932 520 2016 (sc.
544 1930 639 2009 oliva)
657 1930 722 1998 001.

93 2012 228 2098 colypha
244 2013 285 2081 τὰ
306 2016 456 2105 κωλύφια
477 2016 524 2081 ΡΙ.
547 2016 600 2082 Pe.
625 2017 665 2082 93
687 2017 724 2081 R.
749 2017 795 2103 (1,
817 2017 847 2098 3,
872 2017 937 2093 12.)

92 2100 286 2251 lirino
295 2101 540 2275 barasa·
560 2102 627 2253 ii?
639 2103 749 2253 λιι-ι
769 2103 878 2267 λιιι·
894 2101 957 2268 tl·
980 2106 1045 2184 ....
1068 2098 1132 2164 a.
1153 2099 1213 2165 R..

95 2274 231 2334 cometes
249 2270 394 2420 Ξοιὲήιης
412 2273 516 2351 (stella
537 2273 651 2339 crinita
669 2295 724 2365 seu
746 2275 937 2351 cincinnato)
961 2271 1022 2337 (lic.
1041 2275 1107 2337 nat.
1127 2269 1212 2335 deor.
1271 2364 1273 2368 Ι

270 2409 279 2438 ,
325 2406 332 2419 .

94 2440 233 2508 comicus
256 2441 398 2525 κωμικός
419 2441 466 2508 ΡΙ.
489 2442 558 2506 Am.
581 2442 661 2527 prol.
684 2442 831 2508 6111-
853 2442 906 2508 Pe.
929 2441 993 2507 465
1007 2442 1045 2506 R.
1063 2441 1104 2519 (4,
1118 2441 1149 2518 2,
1169 2440 1212 2518 4.)

247 2532 306 2593 oet.
322 2567 365 2576 -
388 2527 506 2594 comice
527 2526 589 2592 Oio.
613 2526 652 2591 de
669 2549 715 2596 or.
739 2529 769 2607 3,
791 2530 820 2609 8,
844 2528 895 2592 30.
1188 2580 1195 2590 .

180 2732 227 2797 51)
244 2732 336 2788 Corsa.
355 2734 380 2797 2,
397 2733 449 2790 356
467 2748 529 2785 ann.
550 2762 583 2770 -·
599 2731 643 2797 52)
653 2731 742 2786 Hehn.
753 2731 889 2798 culturpfl.
900 2749 928 2798 p.
937 2729 1000 2786 247:
1018 2729 1214 2796 „perveneris

95 2799 231 2866 Erycinae
250 2801 384 2855 sacrificia
401 2801 533 2873 κόλομβοι
549 2799 736 2871 (κολομβάδες,
753 2799 923 2869 κολομβίιλες)
940 2800 969 2853 in
986 2799 1096 2852 Italiam
1112 2799 1215 2867 migra-

96 2871 221 2920 verunt“.
246 2898 279 2906 —
302 2886 468 2938 quamquam
491 2885 558 2924 aves
581 2884 637 2922 non
664 2868 747 2936 plane
765 2868 838 2935 apud
858 2867 981 2922 Graecos
999 2867 1113 2921 eaedem
1131 2873 1215 2934 atque

96 2935 170 3003 apud
182 2936 321 2990 Romanos
340 2938 470 2992 videntur
481 2939 580 3001 fuisse,
598 2943 690 2991 tamen
700 2936 827 2990 derivata
838 2937 988 2998 columban,
1007 2935 1214 2998 columbarium,

97 3003 271 3057 columbinus
289 3004 328 3057 nil
346 3006 537 3060 demonstrant
555 3005 610 3059 nisi
629 3007 771 3059 columbas
789 3005 948 3058 veterrimis
966 3006 1021 3058 iam
1037 3004 1213 3071 temporibus

94 3071 211 3126 tralatas
236 3086 307 3125 esse.
335 3106 365 3114 -
392 3074 439 3139 53)
464 3075 498 3127 A.
516 3074 610 3156 ‘Dicta
634 3090 730 3128 comm.
748 3074 927 3154 grammon.
945 3090 973 3139 p.
992 3071 1038 3125 13:
1058 3072 1213 3148 „colurnus

94 3141 343 3273 &astabat
364 3143 764 3272 {saturniliani
777 3139 1215 3278 {thrittttultiiiuiii

97 3278 167 3330 alios
186 3277 291 3330 usitato
311 3280 347 3346 (r.
367 3277 444 3332 Serv.
462 3279 546 3348 Verg¹
589 3295 610 3332 e.
622 3278 647 3342 2,
665 3277 733 3358 3963
749 3277 837 3331 Prisc.
856 3296 881 3346 p.
892 3278 943 3334 595
961 3277 1011 3344 R),
1030 3276 1105 3344 quod
1122 3276 1214 3344 ipsum
1301 3342 1303 3347 ,

96 3344 312 3398 vereGraecum
331 3346 465 3418 (stipulor)
483 3363 548 3402 esse
592 3363 713 3416 agnerus
725 3363 754 3398 rn
764 3346 961 3400 commentario
971 3345 1005 3399 de
1016 3345 1216 3413 orthographia

95 3413 261 3481 Vergiliana
283 3419 320 3479 (ν.
345 3415 431 3483 Verg.
454 3415 496 3470 ed.
518 3416 668 3483 Heyne-et
685 3414 783 3483 Wagn.
801 3415 855 3467 vol.
878 3414 902 3469 5.
922 3432 948 3482 p.
966 3412 1028 3481 484)
1046 3429 1134 3481 nuper
1151 3431 1215 3481 pro-

96 3481 181 3534 barit.
215 3481 245 3534 in
263 3481 400 3536 adiectiro
420 3485 550 3538 colurnus
568 3483 656 3552 igitur
674 3483 798 3551 liquidae
816 3500 830 3536 r
848 3484 904 3536 etl
923 3482 1005 3535 sedes
1024 3483 1129 3535 habent
1142 3483 1216 3536 inter
1288 3543 1291 3549 ,

97 3564 128 3602 se
151 3548 282 3603 confusas
306 3551 360 3615 (uti
382 3551 411 3604 in
430 3552 478 3605 Gr.
497 3551 637 3623 κολλύριον
654 3556 682 3604 et
699 3551 864 3624 κορύλλιον),
888 3551 963 3618 quod
981 3554 1010 3604 et
1026 3554 1137 3618 poterat
1154 3550 1215 3604 fieri

96 3621 212 3685 propter
235 3617 346 3672 facilem
368 3619 537 3687 liquidarum
556 3621 639 3674 etiam
656 3620 730 3672 inter
748 3635 779 3672 se
797 3624 1024 3672 commutatatum
1042 3622 1168 3672 naturam
1187 3625 1215 3672 et

95 3686 199 3739 factum
231 3685 341 3740 videtur
367 3693 483 3756 propter
505 3689 611 3741 formae
639 3687 770 3741 corulnus
798 3687 936 3755 quandam
962 3687 1215 3751 inconcinnitatem,

96 3769 263 3821 quamquam
294 3755 323 3807 ln
352 3757 436 3810 etiam
457 3756 486 3809 in
505 3757 596 3820 alnus,
623 3758 701 3820 ulna,
720 3756 827 3818 volnus,
847 3755 953 3808 Cilnius
971 3760 1164 3809 concurrunt.“
1182 3785 1214 3794 -

96 3821 140 3888 54)
159 3821 233 3874 Ourt.
253 3824 279 3875 b.
291 3823 318 3875 S.
328 3841 355 3892 g.
365 3825 441 3888 1864,
461 3825 648 3894 spltg.a-lt.;
669 3825 808 3878 erravisse
818 3824 911 3877 Corss.
921 3827 945 3887 2,
963 3824 1084 3880 73321111.
1095 3823 1213 3885 ridetur,

96 3906 158 3943 nam
187 3906 248 3943 cum
275 3906 379 3946 comam
406 3893 518 3960 quidem
543 3895 672 3947 tralatam
699 3897 728 3946 et
753 3908 786 3945 ex
810 3891 919 3946 Graeco
946 3906 1074 3946 sermone
1101 3892 1215 3945 accitam

97 3963 223 4020 censeat,
251 3959 334 4012 etiam
359 3962 473 4014 cacandi
495 3970 523 4014 et
546 3960 667 4015 bovandi
691 3963 778 4014 verba
794 3976 812 4013 a
829 3959 946 4014 Graecis
963 3961 1074 4028 repetit.
1119 3976 1215 4014 cacare

101 4031 190 4078 autem
209 4029 324 4080 verbum
342 4026 472 4082 Latinum
492 4045 555 4083 esse
572 4030 665 4083 iudico
685 4034 712 4082 et
730 4034 844 4096 propter
863 4029 917 4082 vim
932 4035 961 4083 et
970 4033 1083 4097 propter
1092 4027 1216 4081 derivata

99 4092 161 4155 (cir.
179 4093 254 4149 Ourt.
272 4095 388 4165 Etym.)‚
414 4104 441 4151 et
459 4100 554 4160 boare,
573 4101 678 4152 bovare
694 4102 751 4149 'non
769 4113 786 4148 a
803 4099 870 4164 βοᾶν
891 4113 954 4152 esse
972 4098 1083 4151 ductum
1101 4104 1216 4165 propter

98 4161 169 4220 banc
185 4162 323 4239 duplicem
340 4165 469 4222 formam:
488 4169 593 4221 bovare
610 4168 720 4235 (boare)
739 4170 767 4219 et
785 4168 878 4221 boerc.
975 4216 976 4220 ,
