2866 4838
153 263 230 331 VIII
498 313 500 318 ,
563 220 567 237 ἱ
613 262 806 316 Praefatio.

153 456 228 501 rosa
248 432 356 522 (ῥόδον
377 432 470 497 Hehn
490 456 521 518 p.
545 433 617 498 434.
636 469 678 480 —
704 431 807 498 Oorss.
830 434 855 499 Ι.
876 423 959 512 812.)
978 472 1019 481 --
1045 437 1152 501 vinum
1181 431 1269 514 οἶνος

153 538 244 604 Hehn
265 560 296 622 p.
318 536 391 601 414.
411 572 452 580 =-
474 535 559 601 Curt.
582 534 632 601 Et.
655 536 728 601 363.
747 572 788 581 —
803 535 943 602 Momms.
966 537 1003 602 R.
1028 538 1065 603 G.
1088 539 1129 619 1⁵,
1154 539 1202 604 16.
1225 575 1268 583 -

154 638 258 705 Corss.
274 639 298 704 Ι.
314 637 378 704 540
392 660 415 703 s.
431 644 497 714 -).
521 636 666 702 addenda
681 637 722 702 ad
738 638 828 704 haec:
844 638 948 723 lippus
964 638 1124 718 (ἄλιππαε
1146 641 1267 707 vicissi-

153 737 231 807 tud'o
254 743 479 807 elementorum
500 737 593 806 nimis
607 740 772 806 vehemens
796 743 965 808 statuenda
979 748 1073 822 esset)
1088 779 1129 790 -
1151 744 1269 810 bucina

31 866 33 870 ·
155 844 286 933 (βυκάνη
308 843 411 908 Flecln
434 842 476 908 50
500 843 532 908 Α.
556 866 587 927 p.
607 844 648 915 8.)
665 878 707 889 -
727 864 786 927 pro
802 849 887 910 carto
902 845 1056 910 affinnari
1075 851 1181 931 potest
1199 850 1268 910 tra-

153 947 221 1013 lata
250 968 315 1012 non
344 967 426 1010 esse:
457 945 570 1011 bulbus
598 945 719 1010 corium
751 945 866 1011 nebula
894 968 1008 1013 nervus
1041 948 1136 1032 plaga
1164 969 1270 1033 poena

154 1071 267 1134 rapum
290 1070 403 1134 scapus
426 1048 523 1132 scipio
546 1068 661 1132 scopus
684 1048 774 1113 stilus
797 1049 893 1134 stipes
915 1050 1005 1115 ulcus
1027 1049 1152 1116 vitulus.

239 1338 345 1405 eonati
375 1360 483 1404 sumus
516 1344 656 1405 tractare
685 1362 752 1404 rem
781 1340 885 1405 adhue
919 1340 996 1405 satis
1026 1360 1141 1422 novam
1170 1344 1270 1422 atque

152 1440 286 1506 indicem
315 1440 561 1524 quaestiunculis
592 1449 720 1507 auctum
754 1441 896 1507 dedimus
932 1447 1118 1527 partemque
1153 1462 1269 1524 quam-

23 1606 26 1611 .
118 1572 120 1577 ·
154 1565 251 1627 quam
272 1542 436 1628 parvulam
459 1565 580 1618 eorum,
603 1565 684 1628 quaa
706 1543 847 1622 Curtius,
870 1566 1010 1610 summus
1031 1544 1125 1608 huius
1147 1542 1192 1606 rai
1214 1564 1269 1606 ar·

154 1646 250 1723 biter,
278 1645 486 1712 Hammoniae
514 1669 542 1712 a.
565 1647 595 1712 h.
626 1668 649 1711 s.
680 1644 744 1711 LV.
772 1645 955 1725 admonuit,
984 1669 1043 1712 nos
1072 1645 1270 1729 praestitisse

154 1769 334 1833 speramus,
359 1754 465 1813 tamen
493 1749 654 1832 quantulis
675 1748 793 1814 viribus
816 1748 902 1813 haud
929 1771 1037 1814 sumus
1065 1749 1184 1831 ignari:
1215 1747 1270 1812 sit

153 1849 295 1934 igitur,
317 1851 383 1934 qni
406 1857 619 1935 sequatur,
640 1851 780 1930 maior,
803 1850 983 1917 felicior!
