2866 4838
273 339 320 406 VI
733 336 925 391 Praefatio.

273 532 380 577 omnes
409 531 482 575 vero
511 509 738 575 vocabulorum
758 509 846 574 locos
876 514 1002 575 tantum
1024 510 1131 588 abest,
1161 510 1389 587 6161161611111,

272 619 309 679 ut
335 613 442 679 omnia
467 612 561 677 modo
600 611 755 677 vocabula
785 633 803 676 e
831 611 925 677 variis
952 612 1141 678 editionibus
1171 613 1302 679 collecta
1331 613 1389 678 ad-

273 737 342 782 esse
362 715 522 782 voluerim.
566 713 672 779 Plauti
693 714 790 797 igitur
812 714 979 779 comoediis
1002 735 1022 779 a
1042 715 1213 781 Ritschelio
1235 715 1298 795 (R.)
1321 720 1353 779 61
1370 737 1391 778 6

272 816 471 883 Fleckeisenc
487 816 567 894 (R),
598 816 708 881 ceteris
738 837 758 881 a
779 816 879 881 Pareo
903 816 994 880 editis
1016 839 1093 882 usus
1112 838 1199 895 sum,
1226 839 1297 883 cum
1325 837 1391 881 una

274 919 414 985 omnium
428 919 661 985 comoediarum
683 919 838 984 recentior
856 918 1028 1002 eademque
1042 919 1128 984 bona
1142 920 1236 986 editio
1260 920 1389 985 deesset.

273 1022 366 1087 Parei
395 1026 501 1086 autem
529 1021 630 1085 indice
659 1020 807 1086 Plautino
836 1021 938 1104 magis
968 1021 1110 1086 desertus
1139 1042 1236 1105 quarn
1262 1022 1390 1087 adiutus

273 1125 341 1210 ipse
362 1125 449 1189 locos
470 1124 532 1188 huc
553 1123 745 1208 pertinentes
766 1123 948 1208 comparavi
961 1129 993 1189 et
1011 1124 1113 1189 denuo
1129 1125 1248 1208 collegi,
1270 1130 1390 1188 cetero-

276 1249 346 1292 rum
369 1226 559 1310 scriptorum
582 1225 737 1291 vocabula
758 1225 805 1289 ita
827 1224 940 1290 afferre
962 1225 1079 1303 studui,
1098 1232 1137 1290 ut
1158 1248 1227 1293 eum
1246 1227 1392 1303 maxime,

274 1329 329 1412 qui
351 1328 472 1414 primus
494 1350 571 1393 usus
586 1333 669 1393 esset
683 1327 803 1392 tralata
820 1349 904 1405 voce,
928 1327 1113 1412 scriptorem
1128 1334 1282 1394 notarem.
1306 1329 1392 1412 quod

274 1431 455 1496 Ciceronem
477 1431 607 1507 attinet,
630 1428 799 1513 aliquoties
828 1430 1038 1507 Forcellinum
1063 1431 1192 1498 adhibui
1220 1436 1391 1496 auctorem.

274 1534 437 1598 nominum
458 1534 660 1616 propriorum
681 1553 746 1597 non
767 1532 828 1597 fuit
842 1533 930 1598 locus
952 1533 986 1596 in
1006 1533 1067 1598 hoc
1087 1533 1206 1609 indice3
1227 1534 1353 1598 tralatis
1376 1555 1393 1597 e

275 1634 397 1700 Graeco
435 1655 579 1699 sermone
612 1635 772 1701 vocabulis
804 1635 980 1699 adiicienda
1012 1635 1122 1720 putavi
1150 1636 1222 1720 ipsa
1254 1635 1392 1712 Graeca3

275 1759 357 1821 quae
372 1757 567 1821 quamquam
584 1758 817 1820 supervacanea
827 1759 892 1803 non
904 1759 1068 1821 nunquam
1083 1741 1248 1822 apparent,
1263 1743 1394 1822 propter

208 1915 211 1919 ,
273 1840 384 1906 indicis
405 1846 555 1905 naturam
578 1859 743 1922 nunquam
765 1839 864 1915 omisi,
886 1860 957 1905 cum
979 1839 1185 1905 multifariam
1200 1839 1275 1905 mihi
1297 1840 1393 1904 variis

275 1965 313 2008 ex
334 1942 443 2009 formis
462 1941 604 2025 singulae
626 1940 788 2024 eligendae
809 1941 952 2025 aliaeque
980 1941 1145 2007 habendae
1167 1947 1272 2007 essent
1293 1942 1392 2006 ratio-

274 2066 339 2110 nes.
366 2043 649 2128 grammaticorum
677 2043 776 2108 libros
808 2043 948 2109 evolvere
976 2044 1193 2127 vocabuloque
1220 2063 1393 2127 excerpere,

276 2147 335 2212 etsi
356 2146 402 2211 illi
424 2131 550 2229 quidem
573 2150 678 2209 esseut
699 2145 883 2229 posterioris
905 2146 1073 2230 temporis,
1102 2147 1178 2212 utile
1206 2147 1309 2212 visum
1330 2150 1392 2210 est:

274 2269 376 2334 neque
397 2253 504 2313 tamen
526 2248 655 2312 nomina
676 2247 875 2325 animalium,
897 2248 1097 2332 plantarum,
1119 2248 1261 2334 lapidum
1282 2247 1395 2331 recepi,

275 2372 411 2435 quorum
432 2351 542 2434 ingens
564 2355 652 2415 extat
673 2349 842 2414 multitudo
863 2349 897 2413 in
919 2349 1013 2415 Plinii
1033 2351 1168 2416 historia
1190 2350 1337 2415 naturali.
1352 2383 1393 2394 -

274 2458 384 2529 restat,
405 2458 443 2518 ut
455 2452 565 2537 paucis
581 2457 760 2518 statuamus
783 2451 906 2535 aliquas
925 2473 1064 2530 normas,
1086 2454 1188 2537 qualis
1202 2451 1392 2516 tralatcrum

274 2557 339 2622 fere
361 2556 402 2622 sit
422 2554 649 2621 vocabulorum
670 2555 762 2619 ratio.
792 2575 857 2637 qua
870 2555 905 2618 in
918 2576 954 2619 re
976 2554 1038 2621 duo
1057 2556 1202 2621 videntur
1223 2551 1389 2638 praecipue

274 2658 453 2773 reputanda
474 2678 555 2723 esse:
587 2662 619 2722 61
649 2657 802 2722 elementa
830 2662 863 2720 et
891 2655 937 2721 vis
968 2662 1065 2741 atque
1087 2655 1274 2741 significatio
1295 2654 1392 2731 vocis,

275 2783 373 2845 quam
400 2759 471 2875 quis
498 2759 596 2824 116161
583 2768 649 2824 tam
678 2764 726 2824 661
753 2757 959 2824 1111116611.111116
993 2759 1071 2825 haec
1098 2759 1196 2844 igitur
1224 2778 1340 2841 genera
1360 2757 1394 2821 in

275 2862 334 2928 has
357 2861 475 2947 species
497 2863 653 2946 part1mur
674 2867 705 2926 e
692 2854 910 2927 tdividirnus:

317 2964 633 3048 1111661161616111111
654 2964 881 3030 11666111116111111
902 2964 1055 3030 elementa
1069 2917 1266 3048 respicienda
1284 2967 1365 3027 sunt.

361 3066 516 3132 vocabula
537 3066 654 3131 Latina
674 3067 795 3132 1161616
816 3073 908 3132 sunt:

340 3190 470 3253 aquae
493 3168 631 3234 Graecas
660 3168 782 3235 litteras
809 3170 929 3237 habent
915 3175 977 3256 ty
1006 3174 1040 3250 (u
1061 3168 1168 3253 prisc.)
1191 3172 1222 3232 6
1243 3187 1276 3229 z:
1306 3183 1391 3248 sym-

383 3272 742 3357 bola-zephyrus·zona.

340 3375 420 3442 bin
449 3372 564 3459 quibus
590 3370 731 3441 Giaecae
756 3380 830 3441 sunt
852 3374 1004 3460 ch·th-ph
1030 3375 1204 3459 aspiratae:
1234 3369 1391 3455 chlamys-

384 3478 526 3555 chorus,
548 3476 862 3556 aether-theatrum,
884 3476 1213 3563 amphora-phalerae.

342 3602 368 3646 c.
383 3580 417 3645 in
432 3580 546 3664 quibus
562 3580 716 3663 (116666χ
730 3580 900 3666 respondet
913 3579 1048 3647 Latinae
1065 3602 1082 3644 c
1097 3577 1296 3663 (praesertim
1310 3577 1394 3662 pris-

1128 3701 1184 3746 cae
1199 3680 1395 3755 Latinitatis)

613 3815 632 3844 55
689 3773 717 3832 θ
801 3816 821 3846 99
948 3818 967 3847 59
1051 3774 1066 3833 t

949 3920 968 3949 6
1053 3894 1074 3955 Ρ

945 4022 964 4050 ,,
1050 3996 1065 4038 6
1109 3994 1164 4038 6611
1208 3992 1240 4036 ss
1281 3973 1394 4052 (praes.

1206 4070 1300 4156 prisc.
1323 4067 1394 4134 Lat.
