2866 4838
615 281 809 338 Praefatio
939 320 943 329 ,
1111 264 1114 317 Ῑ
1206 281 1269 348 VII

154 459 225 525 calx
244 456 339 542 χάλιξ
361 496 397 505 -
422 454 601 540 triumphus
624 457 791 540 θρίαμβος
813 490 853 500 -
875 455 1017 540 aplustre
1039 454 1205 543 ἄφλαστον
1228 494 1268 503 -

153 581 233 627 sona
263 558 345 650 ζώνη
383 595 417 607 -
449 557 592 623 atticisso
623 553 771 632 ἀττικίζω
800 590 842 603 -
871 577 979 624 massa
1005 558 1092 643 μάζα
1122 592 1160 607 -
1189 559 1271 624 hora

153 661 232 751 ὥρα.
256 699 298 711 --
1223 656 1225 661 ’

194 765 236 831 ΙΙ.
259 766 306 831 vis
329 770 425 849 atque
447 761 634 848 significatio
656 759 951 846 respiciendam·

258 868 414 934 vocabula
435 866 552 932 Latina
572 864 693 930 tralata
714 869 805 929 sunt:

114 954 119 975 ²
195 993 224 1037 a·
262 972 288 1035 si
309 971 460 1036 Latinum
480 967 668 1034 vocabulum
698 987 716 1031 e
743 965 860 1032 Latina
888 965 995 1037 radice
1024 966 1160 1033 derivari
1181 969 1267 1034 nullo

262 1073 357 1138 modo
379 1076 499 1157 potest:
522 1068 901 1135 manea-fenestra-hora.
1156 1058 1160 1065 ’

195 1176 225 1241 b.
256 1175 282 1240 si
305 1175 338 1238 in
360 1174 470 1239 ceteris
493 1171 626 1255 linguis,
656 1190 739 1254 quae
766 1169 894 1254 quidem
916 1193 988 1237 cum
1009 1171 1133 1243 Graeca
1154 1181 1186 1237 et
1207 1172 1270 1238 La-

258 1277 328 1341 tina
349 1279 505 1359 cognatae
527 1278 619 1348 sunt,
652 1294 718 1338 non
739 1278 814 1338 sunt
835 1273 1004 1352 vocabula,
1026 1295 1163 1358 quorum
1188 1274 1270 1340 veri·

257 1379 400 1462 loquium
428 1377 511 1443 idem
539 1381 588 1441 est
617 1380 714 1458 atque
742 1396 851 1441 eorum
873 1397 963 1459 quae¹
977 1376 1049 1460 quis
1075 1376 1195 1442 tralata
1223 1382 1272 1442 est

258 1480 471 1546 iudicaturus:
495 1477 634 1563 crapula.

195 1606 220 1648 o.
258 1583 285 1647 si
306 1583 347 1648 ab
377 1581 485 1647 eadem
506 1579 614 1645 Latini
643 1579 797 1644 sermonis
820 1579 919 1665 stirpe
946 1602 1011 1646 non
1036 1580 1102 1647 fere
1130 1579 1195 1647 alia
1223 1580 1271 1646 vel

258 1705 323 1749 non
344 1684 445 1749 multa
467 1683 610 1748 derivata
632 1687 720 1747 sunt:
743 1681 1122 1767 classis-fungus·pulmo.
1285 1747 1287 1754 ,

195 1787 224 1852 (1.
265 1787 291 1852 si
312 1786 458 1852 vocabuli
480 1784 629 1851 formatio
652 1784 693 1850 ab
710 1784 781 1868 ipso
796 1784 910 1850 Latino
926 1806 1069 1851 sermone
1091 1784 1195 1850 aliena
1209 1789 1271 1873 estt

260 1889 409 1954 balneum
423 1925 464 1935 -
487 1888 654 1953 thesaurus
678 1892 873 1966 (tensaurus)
890 1922 932 1933 -
953 1887 1140 1972 triumphus.

194 2013 219 2057 c
256 1991 282 2057 si
304 1990 492 2058 vocabulum
512 1980 551 2054 in*
570 1989 707 2055 Graecos
730 2009 822 2054 casus
846 1988 1034 2055 declinatur:
1057 2010 1120 2056 aer.
1179 2068 1184 2081 Ι

612 2145 815 2156 .......—--.-

239 2284 351 2343 contra
372 2280 450 2344 haec
479 2301 607 2364 quoque
628 2286 826 2359 statuamus,
855 2279 939 2345 unde
961 2285 1116 2364 appareat
1141 2278 1181 2346 de
1202 2285 1271 2345 tra·

153 2382 272 2447 latione
294 2381 428 2465 cogitari
450 2402 514 2446 non
535 2403 637 2466 posse.

196 2483 316 2549 tralata
337 2504 402 2548 non
424 2488 499 2548 sunt
520 2483 691 2549 vocabula:

198 2588 228 2666 1)
251 2586 284 2651 in
307 2585 423 2669 quibus
445 2606 467 2669 g
488 2585 580 2651 velh
602 2585 772 2671 respondet
786 2611 820 2670 χε
843 2585 1091 2670 angere-anguis
1105 2585 1272 2668 (anguilla)

953 2687 1271 2763 hamus-hirrhortus.

356 2838 375 2868 ,‚
446 2790 570 2856 fveld
678 2839 697 2870 ‚‚
775 2795 817 2856 θτ
836 2789 1271 2876 fera-fumus·querquedula.

356 2942 375 2970 ‚‚
445 2892 567 2959 fvelb
674 2942 693 2971 ‚‚
772 2891 1272 2980 o2fama-fur-ambo-glu·

1056 2995 1271 3062 bere-nebula.

253 3117 447 3180 quamquam
461 3097 646 3183 excipienda
663 3103 739 3164 sunt
751 3097 922 3163 nonnulla:
940 3096 1141 3182 fagus-fucus
1157 3103 1270 3162 cetera.

196 3201 229 3278 2)
251 3198 356 3276 verba,
378 3220 460 3282 quae
480 3205 611 3286 propter
632 3200 696 3265 vim
717 3200 824 3266 Latini
855 3200 1009 3266 sermonis
1037 3199 1168 3286 propria
1198 3205 1273 3265 sunt

258 3300 441 3367 iudicanda:
463 3303 562 3388 clepo,
585 3302 699 3384 crocio,
714 3323 831 3376 ,musso
853 3308 912 3369 cet.

239 3592 335 3658 dubia
357 3590 491 3675 denique
512 3593 665 3659 nonnulla
686 3598 810 3660 restant
832 3593 994 3672 vocabula,
1018 3614 1101 3677 quae
1121 3593 1155 3657 in
1169 3592 1272 3658 indice

154 3694 330 3771 omisimus,
361 3694 436 3777 quia
457 3695 577 3760 tralata
604 3716 673 3760 esse
699 3718 764 3761 non
793 3695 1048 3761 existimavimus.
1079 3700 1169 3761 sunt:
1201 3716 1274 3760 acer

154 3796 307 3876 (ἄκαστος
328 3796 421 3861 Hehn
443 3796 579 3863 cultun‘l.
602 3821 633 3882 p.
656 3798 732 3876 439)
754 3797 948 3864 -inclutus
971 3798 1079 3883 (Ribb.
1102 3795 1273 3882 *ἕγιλυτος

153 3897 265 3964 Jahn’s
284 3898 390 3984 jahrb.
415 3898 507 3975 1857,
531 3898 571 3964 75
585 3923 615 3984 p.
631 3901 712 3972 316;
738 3900 840 3967 Gorss.
863 3901 930 3966 Btr.
952 3901 1039 3967 3.-
1061 3901 1112 3967 53.
1138 3936 1179 3946 -
1202 3898 1271 3965 Ntr.

153 4003 202 4066 36.
216 4039 256 4048 ·-
272 4001 322 4066 39.
336 4037 376 4048 —
392 4001 418 4067 Ι.
432 4002 495 4067 360
506 4006 576 4080 cet.)
591 4004 754 4068 —laurus
770 4002 892 4092 (δάφνη
903 4004 987 4070 Pott.
1002 4003 1098 4069 Kuhn
1109 4003 1147 4069 V.
1160 4001 1221 4068 247
1231 4039 1273 4049 -

153 4103 245 4177 Hehn
266 4128 297 4201 p.
321 4105 407 4194 432.)
430 4142 468 4151 —
500 4105 620 4177 milium
646 4107 768 4200 (μελίνη
798 4106 890 4178 Hehn
911 4130 941 4193 p.
966 4105 1030 4176 405
1054 4142 1093 4160 -ε
1116 4105 1206 4187 406.)
1229 4143 1269 4158 *-
