2866 4838
507 1058 841 1181 Praefatio.

625 1259 726 1266 μὴ.

204 1357 257 1428 De
274 1361 404 1426 Graecis
427 1358 587 1425 vocabulis
609 1359 643 1422 in
664 1356 805 1442 linguam
826 1357 975 1423 Latinam
1003 1359 1129 1424 tralatis
1158 1381 1234 1433 con-

116 1467 207 1530 tinua
229 1465 275 1529 vel
299 1463 419 1528 maiore
440 1483 582 1545 unquam
604 1460 868 1526 commentatione
890 1460 1043 1545 scriptum
1064 1482 1150 1542 esse,
1180 1461 1234 1544 qui

118 1566 298 1632 accuratius
323 1586 394 1630 rem¹
411 1563 639 1649 exploraverit,
668 1562 771 1628 facere
793 1583 857 1627 non
879 1562 1012 1647 poterit,
1035 1562 1111 1645 quin
1132 1568 1234 1646 neget.

115 1691 188 1734 nam
220 1668 279 1733 etsi
311 1667 350 1732 de
385 1667 516 1750 singulis
547 1665 786 1749 quaestionibus
813 1663 931 1731 fuerint
960 1665 1014 1748 qui
1036 1665 1235 1750 scripserint·
1265 1724 1267 1728 .

118 1772 188 1836 dico
234 1770 424 1836 Corssenum
465 1769 502 1834 G.
534 1767 677 1834 Curtium
723 1765 957 1832 Fleckeisenum
1006 1766 1237 1832 Mommsenum
1338 1781 1340 1784 ⁴
1399 1788 1402 1800 ·

114 1872 320 1940 Ribbeckium
347 1871 553 1938 Ritschelium
590 1870 669 1936 alios
703 1907 745 1916 —
767 1889 806 1933 ne
827 1868 962 1934 indicem
989 1859 1116 1952 quidem
1136 1869 1234 1936 habe-

113 1998 184 2041 mus
227 1975 418 2041 tralatorum
455 1974 698 2051 vocabulorum,
743 1994 807 2056 quo
844 1993 920 2036 num
964 1970 1041 2055 quid
1082 1971 1236 2062 tralatum

114 2099 295 2143 censeamus
330 2098 371 2142 an
398 2078 519 2154 minus,
555 2076 722 2141 discamus.
752 2074 874 2140 accedit
904 2074 991 2157 quod
1022 2073 1077 2158 qui
1107 2074 1146 2139 de
1162 2075 1236 2140 'hac

113 2180 378 2262 rescripserunt,
400 2179 454 2243 alii
476 2178 540 2242 alia
561 2183 593 2243 et
614 2178 816 2263 appetierunt
839 2182 870 2242 et
892 2176 1129 2242 contenderunt.
1153 2199 1236 2260 quae

114 2301 186 2345 cum
222 2281 269 2345 ita
303 2284 422 2357 essent,
457 2279 544 2343 haud
572 2280 735 2344 immemor
773 2278 996 2362 disputationis
1025 2279 1108 2345 illius
1137 2278 1235 2344 Ham-

113 2383 238 2448 mouiae
260 2402 288 2448 a.
312 2381 342 2446 h.
366 2402 391 2446 s.
414 2378 479 2445 LV.
501 2380 647 2457 habitae,
676 2402 741 2463 qua
763 2380 801 2446 G.
824 2380 952 2445 Curtius
974 2382 1039 2445 iam
1061 2381 1235 2460 admonuit,

114 2489 151 2550 ut
179 2488 395 2550 tractarentur
427 2480 549 2547 tralata
576 2481 790 2564 vocabula*),
819 2488 851 2548 et
877 2481 1011 2547 indicem
1043 2483 1178 2548 scribere
1205 2489 1237 2548 et

116 2608 213 2672 quaes
215 2587 316 2652 tiones
339 2583 510 2650 nonnullas
532 2583 636 2648 adiect
623 2589 672 2649 tas
694 2584 860 2650 enucleare
882 2590 977 2650 conat
978 2607 1015 2650 us
1038 2607 1125 2662 sum,
1154 2606 1237 2669 quae

115 2689 329 2773 indulgentiae
351 2687 425 2752 doct
411 2692 519 2751 torum
541 2687 718 2752 virorumt
704 2686 831 2752 tradere
853 2687 965 2752 audeo

199 2791 286 2855 haud
317 2789 399 2874 fugit
428 2794 589 2854 auctorem
617 2788 720 2855 multa
756 2794 788 2854 et
823 2790 995 2856 meliust
963 2796 995 2856 et
1028 2792 1144 2856 rectius
1174 2746 1243 2884 dici,

116 2914 209 2978 posse
231 2913 342 2977 meque
362 2893 396 2957 in
418 2891 589 2957 tractanda
612 2913 647 2956 re
671 2897 704 2956 et
730 2892 795 2958 fere
823 2892 1003 2958 adhuct
955 2898 1003 2961 mt
1004 2914 1079 2978 egra
1105 2898 1137 2958 et
1159 2893 1236 2959 satis

116 2994 239 3060 lubrica
260 2994 427 3078 aliquoties
449 2996 575 3080 lapsum
597 3015 680 3073 esse,
710 3000 817 3060 tamen
839 2995 1075 3061 excusationem
1096 2997 1236 3062 veniam-

116 3119 177 3182 que
198 3118 249 3163 me
269 3094 515 3182 impetraturum
536 3117 605 3163 esse
627 3118 731 3182 spero.

201 3200 288 3283 quod
313 3199 347 3263 iu
367 3198 469 3266 indice
491 3199 733 3266 veterrimorum
755 3205 922 3284 poetarum
944 3199 1130 3278 Andronici,
1152 3198 1236 3266 Nae-

24 3306 27 3311 ’
117 3302 168 3380 vii,
194 3302 310 3380 Plauti,
331 3301 436 3378 Ennii,
457 3301 597 3379 Pacuvii,
627 3300 763 3380 Caecilii,
800 3302 948 3381 Terentii,
978 3296 1066 3383 Attii,
1102 3303 1237 3368 aliorum

63 3463 66 3468 .
117 3405 272 3470 vocabula
293 3404 471 3470 accuratius
494 3404 649 3483 tractavi,
675 3425 806 3470 causam
835 3405 932 3471 habet
954 3405 1033 3470 satis
1056 3405 1252 3485 dilucidam3.

203 3574 231 3633 *l
249 3573 286 3628 ib.
303 3590 331 3642 p.
350 3572 381 3624 2:
400 3573 426 3626 d.
447 3574 543 3641 griech
570 3577 674 3627 wdrter
699 3574 728 3626 iu
746 3573 771 3627 d.
790 3575 837 3628 lat.
857 3589 913 3642 spr.
932 3574 1083 3629 verdienen
1101 3591 1152 3643 gar
1172 3576 1237 3629 sehr

118 3660 180 3712 eine
208 3674 349 3727 genauere
375 3660 555 3728 behandlung
582 3677 608 3711 u.
627 3660 761 3712 zundchst
778 3676 831 3712 nur
849 3660 911 3712 eine
930 3661 1120 3730 vollsttndige
1139 3678 1237 3714 samm-

119 3747 201 3812 lung;
221 3759 251 3796 es
270 3744 307 3797 ist
324 3745 385 3799 dies
404 3746 485 3797 keine
503 3745 625 3813 nufgabe
643 3744 1145 3814 vondbermltssigerschwierigkeit.
1173 3746 1237 3800 frei-

117 3832 172 3884 lich
197 3833 264 3882 aber
292 3831 365 3882 kann
384 3830 424 3883 sie
443 3831 586 3883 doch-nur
604 3830 654 3882 auf
671 3829 763 3898 grund
781 3830 963 3897 allgemeiner
982 3833 1237 3900 sprachforschung

118 3922 328 3968 unternommeu
347 3915 469 3968 werden.
488 3920 580 3969 cet-
599 3916 739 3978 Ribbeck,
758 3915 854 3968 Jahn’s
870 3918 962 3984 jahrb.
982 3917 1023 3980 77,
1041 3935 1067 3986 p,
1078 3918 1111 3970 91
1122 3935 1155 3986 a:
1176 3919 1238 3971 eine

120 4000 258 4054 lehnende
285 4001 406 4069 ausgabe
425 4003 493 4054 aber
512 4019 534 4053 z.
553 4004 581 4054 b.
601 4019 635 4054 zu
654 4002 732 4054 einer
751 4001 1028 4056 doctordissertatiou
1046 4009 1123 4055 ware
1141 4019 1171 4056 es
1189 4019 1237 4072 ge·

121 4084 194 4147 wisa,
206 4078 293 4138 werin
310 4086 422 4153 jemand
442 4087 496 4139 den
514 4102 622 4154 ganzen
644 4092 739 4140 verrat
757 4087 807 4140 der
825 4088 929 4156 grieoh.
948 4089 1117 4142 lehnwdrter
1134 4088 1170 4142 im
1190 4089 1236 4142 lat.

121 4167 220 4225 eiumal
239 4172 389 4235 sammelte,
408 4173 525 4226 kritisch
544 4172 662 4226 sichtete
679 4179 731 4227 cet,
